<?xml version="1.0" encoding="UTF-8"?><collection xmlns="http://www.loc.gov/MARC21/slim"><record><leader>00785nam--2200205-i-4500</leader><controlfield tag="001">000012868</controlfield><controlfield tag="002">20161230</controlfield><controlfield tag="005">20161230201030</controlfield><controlfield tag="008">060222s1000------------r-----000-0-eng-d</controlfield><datafield ind1=" " ind2=" " tag="020"><subfield code="a">0306404354</subfield></datafield><datafield ind1=" " ind2=" " tag="040"><subfield code="a">IFIN-HH</subfield></datafield><datafield ind1=" " ind2=" " tag="080"><subfield code="a">535-34(082.1)</subfield></datafield><datafield ind1="1" ind2=" " tag="100"><subfield code="a">Rhodes, John R</subfield></datafield><datafield ind1=" " ind2=" " tag="245"><subfield code="a">Advances in x-ray analysis</subfield><subfield code="b">Volume 23. proceedings of the twenty-eighth annual conference on applications of x-ray analysis held in denver, july 30- august 3, 1979</subfield><subfield code="c">John r. rhodes, charles s. barrett, donald e. leyden, john b. newkirk, paul k. predecki, clayton o. ruud (eds.)</subfield></datafield><datafield ind1=" " ind2=" " tag="260"><subfield code="a">Ew York</subfield><subfield code="b">Plenum Press, Inc</subfield><subfield code="c">1980</subfield></datafield><datafield ind1=" " ind2=" " tag="300"><subfield code="a">390P</subfield></datafield><datafield ind1=" " ind2=" " tag="490"><subfield code="a">Advances In X-ray Analysis. Proceedings</subfield></datafield><datafield ind1="1" ind2=" " tag="700"><subfield code="a">Ruud, Clayton O</subfield><subfield code="e">Ed</subfield></datafield><datafield ind1=" " ind2=" " tag="852"><subfield code="a">15913</subfield><subfield code="c">537.531</subfield></datafield><datafield ind1=" " ind2=" " tag="CAT"><subfield code="a">Sys</subfield><subfield code="c">20110809</subfield><subfield code="h">093514</subfield></datafield></record></collection>